<?xml version="1.0" encoding="UTF-8"?>
<record xmlns="http://www.loc.gov/MARC21/slim" xmlns:xsi="http://www.w3.org/2001/XMLSchema-instance" xsi:schemaLocation="http://www.loc.gov/MARC21/slim http://www.loc.gov/standards/marcxml/schema/MARC21slim.xsd">
<leader>     cam a2200265 a 4500</leader>
<controlfield tag="001">001680182</controlfield>
<controlfield tag="003">NNU</controlfield>
<controlfield tag="005">19990309142300.0</controlfield>
<controlfield tag="008">830915m18839999le            000 1 ara</controlfield>
<datafield tag="010" ind1=" " ind2=" ">
<subfield code="a">59036685</subfield>
</datafield>
<datafield tag="035" ind1="9" ind2=" ">
<subfield code="a">NYUb12223582</subfield>
</datafield>
<datafield tag="035" ind1=" " ind2=" ">
<subfield code="a">(ICU)hz2120791</subfield>
</datafield>
<datafield tag="035" ind1=" " ind2=" ">
<subfield code="a">(CStRLIN)ILCGHZ2120791-B</subfield>
</datafield>
<datafield tag="040" ind1=" " ind2=" ">
<subfield code="a">DLC</subfield>
<subfield code="c">IUL</subfield>
<subfield code="d">OCL</subfield>
<subfield code="d">CGU</subfield>
</datafield>
<datafield tag="050" ind1=" " ind2=" ">
<subfield code="a">PJ7601</subfield>
<subfield code="b">.B4</subfield>
</datafield>
<datafield tag="245" ind1="0" ind2="0">
<subfield code="a">Nukhab al-mulaḥ /</subfield>
<subfield code="c">jamaʻaha Yuḥannā Bilū wa-Aghūstīnūs Rūdih.</subfield>
</datafield>
<datafield tag="260" ind1=" " ind2=" ">
<subfield code="a">Bayrūt :</subfield>
<subfield code="b">al-Maṭbaʻah al-Kāthūlīkīyah lil-Ābā' al-Yasūʻīyīn,</subfield>
<subfield code="c">1883-</subfield>
</datafield>
<datafield tag="300" ind1=" " ind2=" ">
<subfield code="a">v. in ;</subfield>
<subfield code="c">20-23 cm.</subfield>
</datafield>
<datafield tag="500" ind1=" " ind2=" ">
<subfield code="a">Vol. 1, pt. 2, 1883: Tabʻah 7.</subfield>
</datafield>
<datafield tag="505" ind1="0" ind2=" ">
<subfield code="a">v. 1. Pt. 1. Ḥikāyāt adabīyah -- Pt. 2. Ḥikāyāt adabīyah wa-nawādir ḥikamīyah wa-ḥawādith tārīkhīyah --</subfield>
</datafield>
<datafield tag="650" ind1=" " ind2="0">
<subfield code="a">Arabic literature.</subfield>
</datafield>
<datafield tag="700" ind1="1" ind2=" ">
<subfield code="a">Belot, J. B.</subfield>
<subfield code="q">(Jean Baptiste),</subfield>
<subfield code="d">1822-1904.</subfield>
</datafield>
<datafield tag="700" ind1="1" ind2=" ">
<subfield code="a">Rūdah, Aghustīnūs.</subfield>
</datafield>
<datafield tag="OWN" ind1=" " ind2=" ">
<subfield code="a">GENERAL</subfield>
</datafield>
<datafield tag="950" ind1=" " ind2=" ">
<subfield code="l">BMAIN</subfield>
<subfield code="a">PJ7601</subfield>
<subfield code="b">.B43 1883</subfield>
</datafield>
<datafield tag="955" ind1=" " ind2=" ">
<subfield code="l">BMAIN</subfield>
<subfield code="c">1:v.1</subfield>
<subfield code="r">028247818</subfield>
</datafield>
<datafield tag="998" ind1=" " ind2=" ">
<subfield code="s">9115</subfield>
</datafield>
<datafield tag="AVA" ind1=" " ind2=" ">
<subfield code="a">NYU50</subfield>
<subfield code="b">BOBST</subfield>
<subfield code="c">Main Collection</subfield>
<subfield code="d">PJ7601 .B43 1883</subfield>
<subfield code="e">unavailable</subfield>
<subfield code="t">Unavailable</subfield>
<subfield code="f">1</subfield>
<subfield code="g">1</subfield>
<subfield code="h">Y</subfield>
<subfield code="i">0</subfield>
<subfield code="j">MAIN</subfield>
</datafield>
</record>
